<?xml version="1.0" encoding="UTF-8"?><collection><record><leader>06279ntm a2200601 a 4500</leader><controlfield tag="001">006796290</controlfield><controlfield tag="003">MiAaHDL</controlfield><controlfield tag="005">20190719000000.0</controlfield><controlfield tag="006">m        d        </controlfield><controlfield tag="007">cr bn ---auaua</controlfield><controlfield tag="008">090521q17301787tu            00| ||ara d</controlfield><datafield tag="035" ind1=" " ind2=" "><subfield code="a">(MiU)006796290</subfield></datafield><datafield tag="035" ind1=" " ind2=" "><subfield code="a">sdr-miu006796290</subfield></datafield><datafield tag="040" ind1=" " ind2=" "><subfield code="a">MiU</subfield><subfield code="c">MiU</subfield><subfield code="e">amremm</subfield></datafield><datafield tag="043" ind1=" " ind2=" "><subfield code="a">n-us-mi</subfield></datafield><datafield tag="245" ind1="0" ind2="0"><subfield code="6">880-01</subfield><subfield code="a">[Calligraphic specimen,</subfield><subfield code="f">18th century].</subfield></datafield><datafield tag="260" ind1=" " ind2=" "><subfield code="a">[Istanbul?,</subfield><subfield code="c">1730-1787].</subfield></datafield><datafield tag="300" ind1=" " ind2=" "><subfield code="a">10 panels :</subfield><subfield code="b">paper ;</subfield><subfield code="c">265 x 175 (190 x 103) mm.</subfield></datafield><datafield tag="500" ind1=" " ind2=" "><subfield code="a">Shelfmark: Ann Arbor, University of Michigan, Special Collections Library, Isl. Ms. 237</subfield></datafield><datafield tag="500" ind1=" " ind2=" "><subfield code="a">Origin: As appears in colophon, executed by İbrahim Rodosi ; date of transcription not specified, though calligrapher's activity (acquiring his icazet shortly after the death of his first teacher İsmail Zühdî in 1731) suggests mid to late 18th century.</subfield></datafield><datafield tag="500" ind1=" " ind2=" "><subfield code="a">Former shelfmark: "559 T. De M. [i.e. Tammaro De Marinis]" inscribed in pencil on interior of upper cover ; "116" inscriped in pencil at opening.</subfield></datafield><datafield tag="500" ind1=" " ind2=" "><subfield code="a">Binding: Pasteboards covered in dark red-brown leather with spine in a lighter red-brown leather ; Type III binding (without flap) ; board linings in pink-tinted laid paper ; upper and lower covers carry blind-stamped and gold-painted scalloped mandorla filled with symmetrical vegetal composition (compare binding ornament on cover of Isl. Ms. 230), as well as tooled border consisting of guilloché roll flanked by gold fillets ; panels hinged together with red-brown leather ; overall in fair condition with some staining, abrasion, lifting of leather, spine split near head, etc.</subfield></datafield><datafield tag="500" ind1=" " ind2=" "><subfield code="a">Support: Well-burnished laid paper (in some cases surface-dyed pink) pieced, set into frame consisting of other surface-dyed and gold-flecked papers in combinations of orange and green, blue and pink, orange and magenta, yellow and green, green and magenta, lavender and orange, etc. (papers of facing pages match) set off by gold bands and white fillets.</subfield></datafield><datafield tag="500" ind1=" " ind2=" "><subfield code="a">Decoration: Decorative illuminated pieces consisting mainly of scalloped semi-circular pieces (domes) overlaid with swirling vegetal pattern in gold, red, pink, white, blue, etc. flank the compact central lines ; other illuminated flanking pieces of different vegetal composition appear on some panels ; written area surrounded by frame in bands of gold varying thickness ; textual divders in the form of illuminated rosettes with accents in pink, white, blue, etc.</subfield></datafield><datafield tag="500" ind1=" " ind2=" "><subfield code="a">Script: Fine specimen of Ottoman calligraphy ; two large lines of each page in thuluth ; two central lines of each page in naskh ; fully vocalized ; each continues a distinct stream of text though both open in alphabetic exercises.</subfield></datafield><datafield tag="500" ind1=" " ind2=" "><subfield code="a">Layout: Written in four lines per page, two large lines in thuluth (sülüs) and two more compact lines in naskh (nesih) ; written area divided into upper and lower panels accommodating the large lines and a central panel divided to accomodate the two more compact lines.</subfield></datafield><datafield tag="500" ind1=" " ind2=" "><subfield code="a">Collation: Ten 'panels' (mounted leaves) edged in and hinged together with red-brown leather ; opens vertically.</subfield></datafield><datafield tag="500" ind1=" " ind2=" "><subfield code="a">Colophon: "Scribal," reads: "مشقه اضعف الكتاب ابراهيم الردوسي"</subfield></datafield><datafield tag="500" ind1=" " ind2=" "><subfield code="a">Explicit: [in thuluth / sülüs] "سبحانك اللهم وبحمدك وتبارك اسمك وتعالى جدك وجل ثناؤك ولا اله غيرك" ; [in naskh / nesih] "فان امارتي بالسوء ما اتعظت من جهلها بنذير الشيب"</subfield></datafield><datafield tag="500" ind1=" " ind2=" "><subfield code="a">Incipit: "رب يسر ولا تعسر رب تمم بالخير"</subfield></datafield><datafield tag="500" ind1=" " ind2=" "><subfield code="a">Title supplied by cataloguer.</subfield></datafield><datafield tag="500" ind1=" " ind2=" "><subfield code="a">Ms. codex.</subfield></datafield><datafield tag="510" ind1="4" ind2=" "><subfield code="a">Rado, Şevket. Türk hattatları : XV. yüzyıldan günümüze kadar gelmiş ünlü hattatların hayatları ve yazılarından örnekler. (Istanbul : Yayın Matbaacılık Ticaret Limited Şti., [1984?]),</subfield><subfield code="c">pp.153, 172, 177, 180.</subfield></datafield><datafield tag="510" ind1="4" ind2=" "><subfield code="a">Serin, Muhittin. “Amerika Birleşik Devletleri’ndeki Bazı Kütüphanelerde Bulunan İslam El Yazma Eserleri ve Michigan Üniversitesi II. Abdülhamid Koleksiyonu,” Akademik Araştırmalar Dergisi 2, 4-5, (2000).</subfield></datafield><datafield tag="510" ind1="4" ind2=" "><subfield code="a">Derman, M. Uğur. Letters in gold : Ottoman calligraphy from the Sakıp Sabancı collection, Istanbul. (New York : Metropolitian Museum of Art : Distributed by H.N. Abrams, c1998),</subfield><subfield code="c">pp.90, 94.</subfield></datafield><datafield tag="510" ind1="4" ind2=" "><subfield code="a">Zakariya, Mohamed. "Islamic calligraphy: A technical overview." In Brocade of the pen: the art of Islamic writing. Carol Garrett Fisher, ed. (East Lansing, MI: Kresge Art Museum, Michigan State University, 1991):</subfield><subfield code="c">1-17</subfield></datafield><datafield tag="510" ind1="4" ind2=" "><subfield code="a">Brocade of the pen : the art of Islamic writing. Carol Garrett Fisher, ed. (East Lansing, MI: Kresge Art Museum, Michigan State University, 1991),</subfield><subfield code="c">no.11, p.84</subfield></datafield><datafield tag="520" ind1="8" ind2=" "><subfield code="a">Fine album of calligraphy (muraqqaʻ / murakkaa) executed by the Ottoman calligrapher İbrahim Rodosi (d.1787). Comprises a meșk murakkaa or album of meșkler (exercises) in two scripts (thuluth / sülüs and naskh / nesih) employing the principal alphabetic exercises (müfredat), composed word exercises (mürekkebat) with the alpha-numeric system (abjad / abced hesabı), invocations, and a portion of the text of al-Buṣīrī's Qaṣīdat al-Burdah.</subfield></datafield><datafield tag="538" ind1=" " ind2=" "><subfield code="a">Mode of access: Internet.</subfield></datafield><datafield tag="541" ind1=" " ind2=" "><subfield code="c">Purchase ;</subfield><subfield code="a">Acquired by purchase (funds donated by Horace Rackham).</subfield><subfield code="d">1924.</subfield></datafield><datafield tag="546" ind1=" " ind2=" "><subfield code="a">Arabic.</subfield></datafield><datafield tag="561" ind1=" " ind2=" "><subfield code="a">Inscriptions in pencil on interior of upper cover "559 T. De M. [i.e. Tammaro De Marinis]" and at opening "116" ; clean copy.</subfield></datafield><datafield tag="600" ind1="0" ind2="0"><subfield code="a">Muḥammad,</subfield><subfield code="c">Prophet,</subfield><subfield code="d">-632</subfield><subfield code="v">Poetry</subfield><subfield code="v">Early works to 1800.</subfield></datafield><datafield tag="650" ind1=" " ind2="0"><subfield code="a">Manuscripts, Arabic</subfield><subfield code="z">Michigan</subfield><subfield code="z">Ann Arbor.</subfield></datafield><datafield tag="650" ind1=" " ind2="0"><subfield code="a">Islamic calligraphy</subfield><subfield code="v">Specimens.</subfield></datafield><datafield tag="650" ind1=" " ind2="0"><subfield code="a">Writing, Arabic</subfield><subfield code="v">Specimens.</subfield></datafield><datafield tag="650" ind1=" " ind2="0"><subfield code="a">Calligraphy, Arabic</subfield><subfield code="v">Specimens.</subfield></datafield><datafield tag="700" ind1="0" ind2=" "><subfield code="a">Abdülhamid</subfield><subfield code="b">II,</subfield><subfield code="c">Sultan of the Turks,</subfield><subfield code="d">1842-1918,</subfield><subfield code="e">former owner.</subfield></datafield><datafield tag="700" ind1="0" ind2=" "><subfield code="6">880-04</subfield><subfield code="a">İbrahim Rodosi,</subfield><subfield code="d">d. 1787,</subfield><subfield code="e">calligrapher.</subfield></datafield><datafield tag="740" ind1="0" ind2="2"><subfield code="a">Kaside-yi Bürde</subfield></datafield><datafield tag="773" ind1="0" ind2=" "><subfield code="a">Abdul Hamid Collection.</subfield></datafield><datafield tag="880" ind1="0" ind2=" "><subfield code="6">700-04/</subfield><subfield code="a">ابراهيم الردوسي،</subfield><subfield code="e">خطاط.</subfield></datafield><datafield tag="880" ind1="0" ind2="0"><subfield code="6">245-01/</subfield><subfield code="a">[مرقع حسن الخط,</subfield><subfield code="f">القرن 18م].</subfield></datafield><datafield tag="CID" ind1=" " ind2=" "><subfield code="a">006796290</subfield></datafield><datafield tag="DAT" ind1="0" ind2=" "><subfield code="a">20190719102636.0</subfield><subfield code="b">20190719000000.0</subfield></datafield><datafield tag="DAT" ind1="1" ind2=" "><subfield code="a">20190719090653.0</subfield><subfield code="b">2019-07-19T16:11:16Z</subfield></datafield><datafield tag="DAT" ind1="2" ind2=" "><subfield code="a">2015-10-10T18:00:06Z</subfield></datafield><datafield tag="CAT" ind1=" " ind2=" "><subfield code="a">SDR-MIU</subfield><subfield code="d">EX LIBRIS - ALEPH</subfield><subfield code="l">prepare.pl-004-008</subfield></datafield><datafield tag="FMT" ind1=" " ind2=" "><subfield code="a">BK</subfield></datafield><datafield tag="HOL" ind1=" " ind2=" "><subfield code="0">sdr-miu006796290</subfield><subfield code="a">MiU</subfield><subfield code="b">SDR</subfield><subfield code="c">MIU</subfield><subfield code="p">mdp.39015079126044</subfield><subfield code="s">MIU</subfield><subfield code="1">006796290</subfield></datafield><datafield tag="974" ind1=" " ind2=" "><subfield code="b">MIU</subfield><subfield code="c">MIU</subfield><subfield code="d">20190719</subfield><subfield code="s">lit-dlps-dc</subfield><subfield code="u">mdp.39015079126044</subfield><subfield code="y">1787</subfield><subfield code="r">pd</subfield><subfield code="q">bib</subfield><subfield code="t">non-US bib date2 &lt; 1879</subfield></datafield></record></collection>